@article{Wistrand2006,
author = {Wistrand, Markus and K{\"a}ll, Lukas and Sonnhammer, Erik L L},
title = {A general model of {G} protein-coupled receptor sequences and its application to detect remote homologs},
journal = {Prot Sci},
year = {2006},
volume = {15},
number = {3},
pages = {509--521}
}

@article{Yamamotoetal2013,
author = {Yamamoto, K and Mirabeau, O and Bureau, C and Blin, M and Michon-Coudouel, S and Demarque, M and Vernier, P},
title = {Evolution of Dopamine Receptor Genes of the {D1} Class in Vertebrates},
journal = {Mol Biol Evol},
year = {2013},
volume = {30},
number = {4},
pages = {833--843}
}

@article{Hwangetal2013,
author = {Hwang, J I and Moon, M J and Park, S and Kim, D K and Cho, E B and Ha, N and Son, G H and Kim, K and Vaudry, H and Seong, J Y},
title = {Expansion of Secretin-Like {G} Protein-Coupled Receptors and Their Peptide Ligands via Local Duplications Before and After Two Rounds of Whole-Genome Duplication},
journal = {Mol Biol Evol},
year = {2013},
volume = {30},
number = {5},
pages = {1119--1130}
}

@article{SpielmanWilke2013
author = {Spielman, Stephanie J and Wilke, Claus O},
title = {Membrane Environment Imposes Unique Selection Pressures on Transmembrane Domains of {G} Protein-Coupled Receptors},
journal = {J Mol Evol},
year = {2013},
volume = {76},
number = {3},
pages = {172--182}
}

@article{Kristiansen2004,
author = {Kristiansen, Kurt},
title = {{olecular mechanisms of ligand binding, signaling, and regulation within the superfamily of {G}-protein-coupled receptors: molecular modeling and mutagenesis approaches to receptor structure and function},
journal = {Pharmacology {\&} Therapeutics},
year = {2004},
volume = {103},
number = {1},
pages = {21--80}
}

@article{BockaertPhillipe1999,
author = {Bockaert, Joel and Pin, Jean Phillipe},
title = {Molecular tinkering of {G} protein-coupled receptors: an evolutionary success},
journal = {The EMBO Journal},
year = {1999},
volume = {18},
number = {7},
pages = {1723--1729}
}

@article{KakaralaJamil2014,
author = {Kakarala, Kavita Kumari and Jamil, Kaiser},
title = {Sequence-structure based phylogeny of {GPCR} Class {A} Rhodopsin receptors},
journal = {Molecular Phylogenetics and Evolution},
year = {2014},
volume = {74},
number = {C},
pages = {66--96}
}

@article{Fredrikssonetal2003,
author = {Fredriksson, R and Lagerstrom, MC and Lundin, LG and Schioth, HB},
title = {The {G}-Protein-Coupled Receptors in the Human Genome Form Five Main Families. Phylogenetic Analysis, Paralogon Groups, and Fingerprints}},
journal = {Molecular Pharmacology},
year = {2003},
volume = {63},
number = {6},
pages = {1256--1272}
}

@article{FredrikssonSchioth2005,
author = {Fredriksson, R and Schioth, HB},
title = {The Repertoire of {G}-Protein-Coupled Receptors in Fully Sequenced Genomes},
journal = {Molecular Pharmacology},
year = {2005},
volume = {67},
number = {5},
pages = {1414--1425}
}

@article{Rosenbaumetal2009,
author = {Rosenbaum, Daniel M and Rasmussen, S{\o}ren G F and Kobilka, Brian K},
title = {The structure and function of {G}-protein-coupled receptors},
journal = {Nature},
year = {2009},
volume = {459},
number = {7245},
pages = {356--363}
}

@article{YegorovGood2012,
author = {Yegorov, Sergey and Good, Sara},
title = {Using Paleogenomics to Study the Evolution of Gene Families: Origin and Duplication History of the Relaxin Family Hormones and Their Receptors},
journal = {PLoS ONE},
year = {2012},
volume = {7},
number = {3},
pages = {e32923}
}

